<?xml version='1.0' encoding='UTF-8'?>
<record xmlns="http://www.loc.gov/MARC21/slim">
  <leader>01308cam a2200289 a 4500</leader>
  <controlfield tag="001">943050</controlfield>
  <controlfield tag="003">NjP</controlfield>
  <controlfield tag="005">20170905105711.0</controlfield>
  <controlfield tag="008">950104s1934    le            00 00 ara d</controlfield>
  <datafield tag="024" ind1="7" ind2=" ">
    <subfield code="a">princeton_aco002212</subfield>
    <subfield code="2">local</subfield>
  </datafield>
  <datafield ind1=" " ind2=" " tag="035">
    <subfield code="a">(OCoLC)31858826</subfield>
  </datafield>
  <datafield ind1=" " ind2=" " tag="035">
    <subfield code="a">(CStRLIN)NJPG95-B369</subfield>
  </datafield>
  <datafield ind1=" " ind2=" " tag="035">
    <subfield code="9">CBP2749TS</subfield>
  </datafield>
  <datafield ind1=" " ind2=" " tag="035">
    <subfield code="a">943050</subfield>
  </datafield>
  <datafield ind1=" " ind2=" " tag="040">
    <subfield code="a">NjP</subfield>
    <subfield code="c">NjP</subfield>
  </datafield>
  <datafield ind1="0" ind2=" " tag="041">
    <subfield code="a">ara</subfield>
    <subfield code="b">eng</subfield>
  </datafield>
  <datafield ind1=" " ind2=" " tag="043">
    <subfield code="a">a-sy---</subfield>
  </datafield>
  <datafield ind1="0" ind2="3" tag="245">
    <subfield code="a">al-Uṣūl al-ʻArabīyah li-tārīkh Sūrīyah fī ʻahd Muḥammad ʻAlī Bāshā /</subfield>
    <subfield code="c">tawallá jamʻahā wa-ḍabaṭa qirāʾatahā wa-waḍaʻa fahārisahā Asad Rustum.</subfield>
  </datafield>
  <datafield ind1=" " ind2=" " tag="260">
    <subfield code="a">[Beirut] :</subfield>
    <subfield code="b">al-Jāmiʻah al-Amīrikīyah,</subfield>
    <subfield code="c">[1934]</subfield>
  </datafield>
  <datafield ind1=" " ind2=" " tag="300">
    <subfield code="a">v. ;</subfield>
    <subfield code="c">28 cm.</subfield>
  </datafield>
  <datafield ind1=" " ind2="0" tag="440">
    <subfield code="a">Manshūrāt Kullīyat al-ʻUlūm wa-al-Ādāb</subfield>
  </datafield>
  <datafield ind1=" " ind2=" " tag="500">
    <subfield code="a">Title on added t.p.: Materials for a corpus of Arabic documents relating to the history of Syria under Mehemet Ali Pasha.</subfield>
  </datafield>
  <datafield ind1="1" ind2=" " tag="505">
    <subfield code="a">al-mujallad 3-4. al-Awrāq al-siyāsīyah li-sanat 1251-1255 hijrīyah.</subfield>
  </datafield>
  <datafield ind1=" " ind2="0" tag="651">
    <subfield code="a">Syria</subfield>
    <subfield code="x">History</subfield>
    <subfield code="x">Sources.</subfield>
  </datafield>
  <datafield ind1="1" ind2=" " tag="700">
    <subfield code="a">Rustum, Asad,</subfield>
    <subfield code="d">1897-1965.</subfield>
    <subfield code="0">http://id.loc.gov/authorities/names/nr91018948</subfield>
  </datafield>
  <datafield ind1="0" ind2=" " tag="740">
    <subfield code="a">Materials for a corpus of Arabic documents relating to the history of Syria under Mehemet Ali Pasha.</subfield>
  </datafield>
  <datafield ind1=" " ind2=" " tag="998">
    <subfield code="a">01/09/95</subfield>
    <subfield code="s">9114</subfield>
    <subfield code="n">NjP</subfield>
    <subfield code="w">NJPG95B369</subfield>
    <subfield code="d">01/04/95</subfield>
    <subfield code="c">NHD</subfield>
    <subfield code="b">NHD</subfield>
    <subfield code="i">950109</subfield>
    <subfield code="l">NJPG</subfield>
  </datafield>
  <datafield ind1=" " ind2=" " tag="911">
    <subfield code="a">19950119</subfield>
  </datafield>
  <datafield ind1=" " ind2=" " tag="912">
    <subfield code="a">19950109000000.0</subfield>
  </datafield>
  <datafield ind1="0" ind2="0" tag="852">
    <subfield code="0">1083803</subfield>
    <subfield code="b">nec</subfield>
    <subfield code="t">1</subfield>
    <subfield code="h">DS97.4</subfield>
    <subfield code="i">.U884 1934</subfield>
  </datafield>
  <datafield ind1=" " ind2=" " tag="959">
    <subfield code="a">2000-06-13 00:00:00 -0400</subfield>
  </datafield>
</record>
